<?xml version="1.0" encoding="UTF-8"?><collection xmlns="http://www.loc.gov/MARC21/slim"><record><leader>00429nam--2200169-i-4500</leader><controlfield tag="001">000043365</controlfield><controlfield tag="002">20161230</controlfield><controlfield tag="005">20161230201044</controlfield><controlfield tag="008">060222s1000------------r-----000-0-eng-d</controlfield><datafield ind1=" " ind2=" " tag="040"><subfield code="a">IFIN-HH</subfield></datafield><datafield ind1=" " ind2=" " tag="080"><subfield code="a">535.339(061.3)</subfield></datafield><datafield ind1="1" ind2=" " tag="100"><subfield code="a">Asundi, R.K</subfield></datafield><datafield ind1="1" ind2="0" tag="245"><subfield code="a">Symposium on spectroscopy</subfield><subfield code="c">R.k. asundi (ed.)</subfield></datafield><datafield ind1=" " ind2=" " tag="260"><subfield code="a">Calcutta</subfield><subfield code="b">Bihar University</subfield><subfield code="c">1958</subfield></datafield><datafield ind1=" " ind2=" " tag="300"><subfield code="a">150 P</subfield></datafield><datafield ind1=" " ind2=" " tag="852"><subfield code="a">44582</subfield><subfield code="c">H.H</subfield></datafield><datafield ind1=" " ind2=" " tag="CAT"><subfield code="a">Sys</subfield><subfield code="c">20130412</subfield><subfield code="h">102243</subfield></datafield></record></collection>